@BOOK{Komar,
author = "Комаров Ю. А.",
title = "Лекции по оптимальному управлению",
year = 2020,
address = "Москва",
}

@BOOK{Rocket,
author = "Шунейко И. И.",
title = "Пилотируемые полеты на луну, конструкция и характеристики Saturn V Apollo",
year = 1973,
address = "Москва"
}
