@BOOK{Leon,
author = "Леонтьева, Т. А.",
title = "Лекции по теории функций комплексного переменного",
address = "М.",
publisher = "Научный мир",
year = 2004,
pages = 216,
language = "russian"
}
