@BOOK{Komar,
author = "Комаров Ю. А.",
title = "Лекции по оптимальному управлению",
year = 2020,
address = "Москва",
}

