@BOOK{Rouble,
author = "Рублев, И. В.",
title = "Лекции по оптимальному управлению",
year = 2019,
address = "Москва",
}
